%YAML 1.1
%TAG !u! tag:unity3d.com,2011:
--- !u!29 &1
OcclusionCullingSettings:
  m_ObjectHideFlags: 0
  serializedVersion: 2
  m_OcclusionBakeSettings:
    smallestOccluder: 5
    smallestHole: 0.25
    backfaceThreshold: 100
  m_SceneGUID: 00000000000000000000000000000000
  m_OcclusionCullingData: {fileID: 0}
--- !u!104 &2
RenderSettings:
  m_ObjectHideFlags: 0
  serializedVersion: 8
  m_Fog: 0
  m_FogColor: {r: 0.5, g: 0.5, b: 0.5, a: 1}
  m_FogMode: 3
  m_FogDensity: 0.01
  m_LinearFogStart: 0
  m_LinearFogEnd: 300
  m_AmbientSkyColor: {r: 0.212, g: 0.227, b: 0.259, a: 1}
  m_AmbientEquatorColor: {r: 0.114, g: 0.125, b: 0.133, a: 1}
  m_AmbientGroundColor: {r: 0.047, g: 0.043, b: 0.035, a: 1}
  m_AmbientIntensity: 1
  m_AmbientMode: 0
  m_SubtractiveShadowColor: {r: 0.42, g: 0.478, b: 0.627, a: 1}
  m_SkyboxMaterial: {fileID: 10304, guid: 0000000000000000f000000000000000, type: 0}
  m_HaloStrength: 0.5
  m_FlareStrength: 1
  m_FlareFadeSpeed: 3
  m_HaloTexture: {fileID: 0}
  m_SpotCookie: {fileID: 10001, guid: 0000000000000000e000000000000000, type: 0}
  m_DefaultReflectionMode: 0
  m_DefaultReflectionResolution: 128
  m_ReflectionBounces: 1
  m_ReflectionIntensity: 0
  m_CustomReflection: {fileID: 0}
  m_Sun: {fileID: 0}
  m_IndirectSpecularColor: {r: 0, g: 0, b: 0, a: 0}
--- !u!157 &3
LightmapSettings:
  m_ObjectHideFlags: 0
  serializedVersion: 11
  m_GIWorkflowMode: 0
  m_GISettings:
    serializedVersion: 2
    m_BounceScale: 1
    m_IndirectOutputScale: 1
    m_AlbedoBoost: 1
    m_TemporalCoherenceThreshold: 1
    m_EnvironmentLightingMode: 0
    m_EnableBakedLightmaps: 1
    m_EnableRealtimeLightmaps: 1
  m_LightmapEditorSettings:
    serializedVersion: 9
    m_Resolution: 2
    m_BakeResolution: 40
    m_TextureWidth: 1024
    m_TextureHeight: 1024
    m_AO: 0
    m_AOMaxDistance: 1
    m_CompAOExponent: 1
    m_CompAOExponentDirect: 0
    m_Padding: 2
    m_LightmapParameters: {fileID: 0}
    m_LightmapsBakeMode: 1
    m_TextureCompression: 1
    m_FinalGather: 0
    m_FinalGatherFiltering: 1
    m_FinalGatherRayCount: 256
    m_ReflectionCompression: 2
    m_MixedBakeMode: 2
    m_BakeBackend: 0
    m_PVRSampling: 1
    m_PVRDirectSampleCount: 32
    m_PVRSampleCount: 500
    m_PVRBounces: 2
    m_PVRFilterTypeDirect: 0
    m_PVRFilterTypeIndirect: 0
    m_PVRFilterTypeAO: 0
    m_PVRFilteringMode: 1
    m_PVRCulling: 1
    m_PVRFilteringGaussRadiusDirect: 1
    m_PVRFilteringGaussRadiusIndirect: 5
    m_PVRFilteringGaussRadiusAO: 2
    m_PVRFilteringAtrousPositionSigmaDirect: 0.5
    m_PVRFilteringAtrousPositionSigmaIndirect: 2
    m_PVRFilteringAtrousPositionSigmaAO: 1
  m_LightingDataAsset: {fileID: 0}
  m_UseShadowmask: 1
--- !u!196 &4
NavMeshSettings:
  serializedVersion: 2
  m_ObjectHideFlags: 0
  m_BuildSettings:
    serializedVersion: 2
    agentTypeID: 0
    agentRadius: 0.5
    agentHeight: 2
    agentSlope: 45
    agentClimb: 0.4
    ledgeDropHeight: 0
    maxJumpAcrossDistance: 0
    minRegionArea: 2
    manualCellSize: 0
    cellSize: 0.16666667
    manualTileSize: 0
    tileSize: 256
    accuratePlacement: 0
    debug:
      m_Flags: 0
  m_NavMeshData: {fileID: 0}
--- !u!1 &73270756
GameObject:
  m_ObjectHideFlags: 0
  m_PrefabParentObject: {fileID: 0}
  m_PrefabInternal: {fileID: 0}
  serializedVersion: 5
  m_Component:
  - component: {fileID: 73270760}
  - component: {fileID: 73270759}
  - component: {fileID: 73270758}
  - component: {fileID: 73270757}
  m_Layer: 0
  m_Name: Plane
  m_TagString: Untagged
  m_Icon: {fileID: 0}
  m_NavMeshLayer: 0
  m_StaticEditorFlags: 0
  m_IsActive: 1
--- !u!23 &73270757
MeshRenderer:
  m_ObjectHideFlags: 0
  m_PrefabParentObject: {fileID: 0}
  m_PrefabInternal: {fileID: 0}
  m_GameObject: {fileID: 73270756}
  m_Enabled: 1
  m_CastShadows: 1
  m_ReceiveShadows: 1
  m_DynamicOccludee: 1
  m_MotionVectors: 1
  m_LightProbeUsage: 1
  m_ReflectionProbeUsage: 1
  m_Materials:
  - {fileID: 10303, guid: 0000000000000000f000000000000000, type: 0}
  m_StaticBatchInfo:
    firstSubMesh: 0
    subMeshCount: 0
  m_StaticBatchRoot: {fileID: 0}
  m_ProbeAnchor: {fileID: 0}
  m_LightProbeVolumeOverride: {fileID: 0}
  m_ScaleInLightmap: 1
  m_PreserveUVs: 1
  m_IgnoreNormalsForChartDetection: 0
  m_ImportantGI: 0
  m_StitchLightmapSeams: 0
  m_SelectedEditorRenderState: 3
  m_MinimumChartSize: 4
  m_AutoUVMaxDistance: 0.5
  m_AutoUVMaxAngle: 89
  m_LightmapParameters: {fileID: 0}
  m_SortingLayerID: 0
  m_SortingLayer: 0
  m_SortingOrder: 0
--- !u!64 &73270758
MeshCollider:
  m_ObjectHideFlags: 0
  m_PrefabParentObject: {fileID: 0}
  m_PrefabInternal: {fileID: 0}
  m_GameObject: {fileID: 73270756}
  m_Material: {fileID: 0}
  m_IsTrigger: 0
  m_Enabled: 1
  serializedVersion: 2
  m_Convex: 0
  m_InflateMesh: 0
  m_SkinWidth: 0.01
  m_Mesh: {fileID: 10209, guid: 0000000000000000e000000000000000, type: 0}
--- !u!33 &73270759
MeshFilter:
  m_ObjectHideFlags: 0
  m_PrefabParentObject: {fileID: 0}
  m_PrefabInternal: {fileID: 0}
  m_GameObject: {fileID: 73270756}
  m_Mesh: {fileID: 10209, guid: 0000000000000000e000000000000000, type: 0}
--- !u!4 &73270760
Transform:
  m_ObjectHideFlags: 0
  m_PrefabParentObject: {fileID: 0}
  m_PrefabInternal: {fileID: 0}
  m_GameObject: {fileID: 73270756}
  m_LocalRotation: {x: 0, y: 0, z: 0, w: 1}
  m_LocalPosition: {x: -2.2, y: 2.196916, z: -2.81398}
  m_LocalScale: {x: 2.763758, y: 2.7637568, z: 2.7637568}
  m_Children: []
  m_Father: {fileID: 0}
  m_RootOrder: 2
  m_LocalEulerAnglesHint: {x: 0, y: 0, z: 0}
--- !u!1 &123612227
GameObject:
  m_ObjectHideFlags: 0
  m_PrefabParentObject: {fileID: 0}
  m_PrefabInternal: {fileID: 0}
  serializedVersion: 5
  m_Component:
  - component: {fileID: 123612228}
  m_Layer: 0
  m_Name: GameObject
  m_TagString: Untagged
  m_Icon: {fileID: 0}
  m_NavMeshLayer: 0
  m_StaticEditorFlags: 0
  m_IsActive: 1
--- !u!4 &123612228
Transform:
  m_ObjectHideFlags: 0
  m_PrefabParentObject: {fileID: 0}
  m_PrefabInternal: {fileID: 0}
  m_GameObject: {fileID: 123612227}
  m_LocalRotation: {x: -0.54558045, y: -0, z: -0, w: 0.8380585}
  m_LocalPosition: {x: 0.013, y: 0.732, z: 2.343}
  m_LocalScale: {x: 1, y: 1, z: 1}
  m_Children:
  - {fileID: 1901534284}
  m_Father: {fileID: 1376280233}
  m_RootOrder: 1
  m_LocalEulerAnglesHint: {x: 23.871, y: 0, z: 0}
--- !u!1001 &175585141
Prefab:
  m_ObjectHideFlags: 0
  serializedVersion: 2
  m_Modification:
    m_TransformParent: {fileID: 1901534284}
    m_Modifications:
    - target: {fileID: 4576862300445148, guid: f9c1ae2f0f5d7004fa71a78003a4df8a, type: 2}
      propertyPath: m_LocalPosition.x
      value: 0.085
      objectReference: {fileID: 0}
    - target: {fileID: 4576862300445148, guid: f9c1ae2f0f5d7004fa71a78003a4df8a, type: 2}
      propertyPath: m_LocalPosition.y
      value: -1.8599998
      objectReference: {fileID: 0}
    - target: {fileID: 4576862300445148, guid: f9c1ae2f0f5d7004fa71a78003a4df8a, type: 2}
      propertyPath: m_LocalPosition.z
      value: -0.6930004
      objectReference: {fileID: 0}
    - target: {fileID: 4576862300445148, guid: f9c1ae2f0f5d7004fa71a78003a4df8a, type: 2}
      propertyPath: m_LocalRotation.x
      value: 0.8395002
      objectReference: {fileID: 0}
    - target: {fileID: 4576862300445148, guid: f9c1ae2f0f5d7004fa71a78003a4df8a, type: 2}
      propertyPath: m_LocalRotation.y
      value: -0
      objectReference: {fileID: 0}
    - target: {fileID: 4576862300445148, guid: f9c1ae2f0f5d7004fa71a78003a4df8a, type: 2}
      propertyPath: m_LocalRotation.z
      value: -0
      objectReference: {fileID: 0}
    - target: {fileID: 4576862300445148, guid: f9c1ae2f0f5d7004fa71a78003a4df8a, type: 2}
      propertyPath: m_LocalRotation.w
      value: 0.5433594
      objectReference: {fileID: 0}
    - target: {fileID: 4576862300445148, guid: f9c1ae2f0f5d7004fa71a78003a4df8a, type: 2}
      propertyPath: m_RootOrder
      value: 0
      objectReference: {fileID: 0}
    - target: {fileID: 198775680213397944, guid: f9c1ae2f0f5d7004fa71a78003a4df8a,
        type: 2}
      propertyPath: randomSeed
      value: -1435493871
      objectReference: {fileID: 0}
    - target: {fileID: 198775680213397944, guid: f9c1ae2f0f5d7004fa71a78003a4df8a,
        type: 2}
      propertyPath: InitialModule.startLifetime.scalar
      value: 0.2
      objectReference: {fileID: 0}
    - target: {fileID: 198775680213397944, guid: f9c1ae2f0f5d7004fa71a78003a4df8a,
        type: 2}
      propertyPath: EmissionModule.enabled
      value: 1
      objectReference: {fileID: 0}
    - target: {fileID: 198775680213397944, guid: f9c1ae2f0f5d7004fa71a78003a4df8a,
        type: 2}
      propertyPath: EmissionModule.rateOverTime.scalar
      value: 100
      objectReference: {fileID: 0}
    - target: {fileID: 198775680213397944, guid: f9c1ae2f0f5d7004fa71a78003a4df8a,
        type: 2}
      propertyPath: EmissionModule.rateOverDistance.scalar
      value: 0
      objectReference: {fileID: 0}
    - target: {fileID: 198775680213397944, guid: f9c1ae2f0f5d7004fa71a78003a4df8a,
        type: 2}
      propertyPath: ShapeModule.type
      value: 0
      objectReference: {fileID: 0}
    - target: {fileID: 4576862300445148, guid: f9c1ae2f0f5d7004fa71a78003a4df8a, type: 2}
      propertyPath: m_LocalEulerAnglesHint.x
      value: 24.175001
      objectReference: {fileID: 0}
    - target: {fileID: 198775680213397944, guid: f9c1ae2f0f5d7004fa71a78003a4df8a,
        type: 2}
      propertyPath: ShapeModule.angle
      value: 90
      objectReference: {fileID: 0}
    - target: {fileID: 198775680213397944, guid: f9c1ae2f0f5d7004fa71a78003a4df8a,
        type: 2}
      propertyPath: ShapeModule.radius.value
      value: 0.054701477
      objectReference: {fileID: 0}
    - target: {fileID: 198775680213397944, guid: f9c1ae2f0f5d7004fa71a78003a4df8a,
        type: 2}
      propertyPath: ShapeModule.radiusThickness
      value: 1
      objectReference: {fileID: 0}
    - target: {fileID: 198775680213397944, guid: f9c1ae2f0f5d7004fa71a78003a4df8a,
        type: 2}
      propertyPath: ShapeModule.arc.value
      value: 358.2593
      objectReference: {fileID: 0}
    - target: {fileID: 198775680213397944, guid: f9c1ae2f0f5d7004fa71a78003a4df8a,
        type: 2}
      propertyPath: ShapeModule.arc.mode
      value: 0
      objectReference: {fileID: 0}
    - target: {fileID: 198775680213397944, guid: f9c1ae2f0f5d7004fa71a78003a4df8a,
        type: 2}
      propertyPath: ShapeModule.donutRadius
      value: 0.25293604
      objectReference: {fileID: 0}
    - target: {fileID: 4576862300445148, guid: f9c1ae2f0f5d7004fa71a78003a4df8a, type: 2}
      propertyPath: m_LocalScale.y
      value: 1
      objectReference: {fileID: 0}
    - target: {fileID: 4576862300445148, guid: f9c1ae2f0f5d7004fa71a78003a4df8a, type: 2}
      propertyPath: m_LocalScale.z
      value: 1
      objectReference: {fileID: 0}
    - target: {fileID: 198775680213397944, guid: f9c1ae2f0f5d7004fa71a78003a4df8a,
        type: 2}
      propertyPath: ShapeModule.radiusThickness
      value: 1
      objectReference: {fileID: 0}
    - target: {fileID: 198775680213397944, guid: f9c1ae2f0f5d7004fa71a78003a4df8a,
        type: 2}
      propertyPath: playOnAwake
      value: 0
      objectReference: {fileID: 0}
    - target: {fileID: 198775680213397944, guid: f9c1ae2f0f5d7004fa71a78003a4df8a,
        type: 2}
      propertyPath: ShapeModule.radiusThickness
      value: 1
      objectReference: {fileID: 0}
    - target: {fileID: 198775680213397944, guid: f9c1ae2f0f5d7004fa71a78003a4df8a,
        type: 2}
      propertyPath: InitialModule.startSize.scalar
      value: 0.45
      objectReference: {fileID: 0}
    - target: {fileID: 198775680213397944, guid: f9c1ae2f0f5d7004fa71a78003a4df8a,
        type: 2}
      propertyPath: ShapeModule.radiusThickness
      value: 1.0000
      objectReference: {fileID: 0}
    m_RemovedComponents: []
  m_ParentPrefab: {fileID: 100100000, guid: f9c1ae2f0f5d7004fa71a78003a4df8a, type: 2}
  m_IsPrefabParent: 0
--- !u!1 &231262452
GameObject:
  m_ObjectHideFlags: 0
  m_PrefabParentObject: {fileID: 100000, guid: d90351d6396eaf84d8dc3ea05ebe205a, type: 3}
  m_PrefabInternal: {fileID: 0}
  serializedVersion: 5
  m_Component:
  - component: {fileID: 231262453}
  - component: {fileID: 231262455}
  - component: {fileID: 231262454}
  m_Layer: 0
  m_Name: AIRCRAFT
  m_TagString: Untagged
  m_Icon: {fileID: 0}
  m_NavMeshLayer: 0
  m_StaticEditorFlags: 0
  m_IsActive: 1
--- !u!4 &231262453
Transform:
  m_ObjectHideFlags: 0
  m_PrefabParentObject: {fileID: 400000, guid: d90351d6396eaf84d8dc3ea05ebe205a, type: 3}
  m_PrefabInternal: {fileID: 0}
  m_GameObject: {fileID: 231262452}
  m_LocalRotation: {x: -0.7071068, y: 0, z: -0, w: 0.7071067}
  m_LocalPosition: {x: -0, y: 2.7573166, z: 0}
  m_LocalScale: {x: 1, y: 1, z: 1}
  m_Children: []
  m_Father: {fileID: 1376280233}
  m_RootOrder: 0
  m_LocalEulerAnglesHint: {x: 0, y: 0, z: 0}
--- !u!23 &231262454
MeshRenderer:
  m_ObjectHideFlags: 0
  m_PrefabParentObject: {fileID: 2300000, guid: d90351d6396eaf84d8dc3ea05ebe205a,
    type: 3}
  m_PrefabInternal: {fileID: 0}
  m_GameObject: {fileID: 231262452}
  m_Enabled: 1
  m_CastShadows: 1
  m_ReceiveShadows: 1
  m_DynamicOccludee: 1
  m_MotionVectors: 1
  m_LightProbeUsage: 1
  m_ReflectionProbeUsage: 1
  m_Materials:
  - {fileID: 2100000, guid: 6942a70f3d56923428d4e329a4f529a0, type: 2}
  m_StaticBatchInfo:
    firstSubMesh: 0
    subMeshCount: 0
  m_StaticBatchRoot: {fileID: 0}
  m_ProbeAnchor: {fileID: 0}
  m_LightProbeVolumeOverride: {fileID: 0}
  m_ScaleInLightmap: 1
  m_PreserveUVs: 0
  m_IgnoreNormalsForChartDetection: 0
  m_ImportantGI: 0
  m_StitchLightmapSeams: 0
  m_SelectedEditorRenderState: 3
  m_MinimumChartSize: 4
  m_AutoUVMaxDistance: 0.5
  m_AutoUVMaxAngle: 89
  m_LightmapParameters: {fileID: 0}
  m_SortingLayerID: 0
  m_SortingLayer: 0
  m_SortingOrder: 0
--- !u!33 &231262455
MeshFilter:
  m_ObjectHideFlags: 0
  m_PrefabParentObject: {fileID: 3300000, guid: d90351d6396eaf84d8dc3ea05ebe205a,
    type: 3}
  m_PrefabInternal: {fileID: 0}
  m_GameObject: {fileID: 231262452}
  m_Mesh: {fileID: 4300002, guid: d90351d6396eaf84d8dc3ea05ebe205a, type: 3}
--- !u!1001 &429658497
Prefab:
  m_ObjectHideFlags: 0
  serializedVersion: 2
  m_Modification:
    m_TransformParent: {fileID: 1376280233}
    m_Modifications:
    - target: {fileID: 4937205525388858, guid: 07b2ee5acf571d14b9f8bc738b777fbc, type: 2}
      propertyPath: m_LocalPosition.x
      value: -4.406
      objectReference: {fileID: 0}
    - target: {fileID: 4937205525388858, guid: 07b2ee5acf571d14b9f8bc738b777fbc, type: 2}
      propertyPath: m_LocalPosition.y
      value: 1.223
      objectReference: {fileID: 0}
    - target: {fileID: 4937205525388858, guid: 07b2ee5acf571d14b9f8bc738b777fbc, type: 2}
      propertyPath: m_LocalPosition.z
      value: -2.501
      objectReference: {fileID: 0}
    - target: {fileID: 4937205525388858, guid: 07b2ee5acf571d14b9f8bc738b777fbc, type: 2}
      propertyPath: m_LocalRotation.x
      value: -0.7071068
      objectReference: {fileID: 0}
    - target: {fileID: 4937205525388858, guid: 07b2ee5acf571d14b9f8bc738b777fbc, type: 2}
      propertyPath: m_LocalRotation.y
      value: -0
      objectReference: {fileID: 0}
    - target: {fileID: 4937205525388858, guid: 07b2ee5acf571d14b9f8bc738b777fbc, type: 2}
      propertyPath: m_LocalRotation.z
      value: -0
      objectReference: {fileID: 0}
    - target: {fileID: 4937205525388858, guid: 07b2ee5acf571d14b9f8bc738b777fbc, type: 2}
      propertyPath: m_LocalRotation.w
      value: 0.7071067
      objectReference: {fileID: 0}
    - target: {fileID: 4937205525388858, guid: 07b2ee5acf571d14b9f8bc738b777fbc, type: 2}
      propertyPath: m_RootOrder
      value: 2
      objectReference: {fileID: 0}
    - target: {fileID: 4937205525388858, guid: 07b2ee5acf571d14b9f8bc738b777fbc, type: 2}
      propertyPath: m_LocalScale.x
      value: 0.8
      objectReference: {fileID: 0}
    - target: {fileID: 4937205525388858, guid: 07b2ee5acf571d14b9f8bc738b777fbc, type: 2}
      propertyPath: m_LocalScale.y
      value: 0.7999998
      objectReference: {fileID: 0}
    - target: {fileID: 4937205525388858, guid: 07b2ee5acf571d14b9f8bc738b777fbc, type: 2}
      propertyPath: m_LocalScale.z
      value: 0.7999998
      objectReference: {fileID: 0}
    - target: {fileID: 1420979620174874, guid: 07b2ee5acf571d14b9f8bc738b777fbc, type: 2}
      propertyPath: m_Name
      value: Helikopter.017 (1)
      objectReference: {fileID: 0}
    - target: {fileID: 1420979620174874, guid: 07b2ee5acf571d14b9f8bc738b777fbc, type: 2}
      propertyPath: m_IsActive
      value: 1
      objectReference: {fileID: 0}
    - target: {fileID: 4429692469230936, guid: 07b2ee5acf571d14b9f8bc738b777fbc, type: 2}
      propertyPath: m_LocalPosition.x
      value: -0.188
      objectReference: {fileID: 0}
    m_RemovedComponents: []
  m_ParentPrefab: {fileID: 100100000, guid: 07b2ee5acf571d14b9f8bc738b777fbc, type: 2}
  m_IsPrefabParent: 0
--- !u!198 &438471743 stripped
ParticleSystem:
  m_PrefabParentObject: {fileID: 198860930016710470, guid: 07b2ee5acf571d14b9f8bc738b777fbc,
    type: 2}
  m_PrefabInternal: {fileID: 574783636}
--- !u!1001 &574783636
Prefab:
  m_ObjectHideFlags: 0
  serializedVersion: 2
  m_Modification:
    m_TransformParent: {fileID: 1376280233}
    m_Modifications:
    - target: {fileID: 4937205525388858, guid: 07b2ee5acf571d14b9f8bc738b777fbc, type: 2}
      propertyPath: m_LocalPosition.x
      value: 4.385
      objectReference: {fileID: 0}
    - target: {fileID: 4937205525388858, guid: 07b2ee5acf571d14b9f8bc738b777fbc, type: 2}
      propertyPath: m_LocalPosition.y
      value: 1.223
      objectReference: {fileID: 0}
    - target: {fileID: 4937205525388858, guid: 07b2ee5acf571d14b9f8bc738b777fbc, type: 2}
      propertyPath: m_LocalPosition.z
      value: -2.501
      objectReference: {fileID: 0}
    - target: {fileID: 4937205525388858, guid: 07b2ee5acf571d14b9f8bc738b777fbc, type: 2}
      propertyPath: m_LocalRotation.x
      value: -0.7071068
      objectReference: {fileID: 0}
    - target: {fileID: 4937205525388858, guid: 07b2ee5acf571d14b9f8bc738b777fbc, type: 2}
      propertyPath: m_LocalRotation.y
      value: -0
      objectReference: {fileID: 0}
    - target: {fileID: 4937205525388858, guid: 07b2ee5acf571d14b9f8bc738b777fbc, type: 2}
      propertyPath: m_LocalRotation.z
      value: -0
      objectReference: {fileID: 0}
    - target: {fileID: 4937205525388858, guid: 07b2ee5acf571d14b9f8bc738b777fbc, type: 2}
      propertyPath: m_LocalRotation.w
      value: 0.7071067
      objectReference: {fileID: 0}
    - target: {fileID: 4937205525388858, guid: 07b2ee5acf571d14b9f8bc738b777fbc, type: 2}
      propertyPath: m_RootOrder
      value: 3
      objectReference: {fileID: 0}
    - target: {fileID: 4937205525388858, guid: 07b2ee5acf571d14b9f8bc738b777fbc, type: 2}
      propertyPath: m_LocalScale.x
      value: 0.8
      objectReference: {fileID: 0}
    - target: {fileID: 4937205525388858, guid: 07b2ee5acf571d14b9f8bc738b777fbc, type: 2}
      propertyPath: m_LocalScale.y
      value: 0.7999998
      objectReference: {fileID: 0}
    - target: {fileID: 4937205525388858, guid: 07b2ee5acf571d14b9f8bc738b777fbc, type: 2}
      propertyPath: m_LocalScale.z
      value: 0.7999998
      objectReference: {fileID: 0}
    - target: {fileID: 1420979620174874, guid: 07b2ee5acf571d14b9f8bc738b777fbc, type: 2}
      propertyPath: m_IsActive
      value: 1
      objectReference: {fileID: 0}
    m_RemovedComponents: []
  m_ParentPrefab: {fileID: 100100000, guid: 07b2ee5acf571d14b9f8bc738b777fbc, type: 2}
  m_IsPrefabParent: 0
--- !u!4 &1079593141 stripped
Transform:
  m_PrefabParentObject: {fileID: 4937205525388858, guid: 07b2ee5acf571d14b9f8bc738b777fbc,
    type: 2}
  m_PrefabInternal: {fileID: 429658497}
--- !u!4 &1309962224 stripped
Transform:
  m_PrefabParentObject: {fileID: 4576862300445148, guid: f9c1ae2f0f5d7004fa71a78003a4df8a,
    type: 2}
  m_PrefabInternal: {fileID: 175585141}
--- !u!198 &1309962226 stripped
ParticleSystem:
  m_PrefabParentObject: {fileID: 198775680213397944, guid: f9c1ae2f0f5d7004fa71a78003a4df8a,
    type: 2}
  m_PrefabInternal: {fileID: 175585141}
--- !u!198 &1345636726 stripped
ParticleSystem:
  m_PrefabParentObject: {fileID: 198860930016710470, guid: 07b2ee5acf571d14b9f8bc738b777fbc,
    type: 2}
  m_PrefabInternal: {fileID: 429658497}
--- !u!1 &1376280231
GameObject:
  m_ObjectHideFlags: 0
  m_PrefabParentObject: {fileID: 100004, guid: d90351d6396eaf84d8dc3ea05ebe205a, type: 3}
  m_PrefabInternal: {fileID: 0}
  serializedVersion: 5
  m_Component:
  - component: {fileID: 1376280233}
  - component: {fileID: 1376280232}
  - component: {fileID: 1376280234}
  m_Layer: 0
  m_Name: AircraftModified4
  m_TagString: Untagged
  m_Icon: {fileID: 0}
  m_NavMeshLayer: 0
  m_StaticEditorFlags: 0
  m_IsActive: 1
--- !u!95 &1376280232
Animator:
  serializedVersion: 3
  m_ObjectHideFlags: 0
  m_PrefabParentObject: {fileID: 9500000, guid: d90351d6396eaf84d8dc3ea05ebe205a,
    type: 3}
  m_PrefabInternal: {fileID: 0}
  m_GameObject: {fileID: 1376280231}
  m_Enabled: 1
  m_Avatar: {fileID: 9000000, guid: d90351d6396eaf84d8dc3ea05ebe205a, type: 3}
  m_Controller: {fileID: 9100000, guid: ec9cccaf18a85974d8fc3af9df0513e4, type: 2}
  m_CullingMode: 0
  m_UpdateMode: 0
  m_ApplyRootMotion: 0
  m_LinearVelocityBlending: 0
  m_WarningMessage: 
  m_HasTransformHierarchy: 1
  m_AllowConstantClipSamplingOptimization: 1
--- !u!4 &1376280233
Transform:
  m_ObjectHideFlags: 0
  m_PrefabParentObject: {fileID: 400004, guid: d90351d6396eaf84d8dc3ea05ebe205a, type: 3}
  m_PrefabInternal: {fileID: 0}
  m_GameObject: {fileID: 1376280231}
  m_LocalRotation: {x: 0, y: 0, z: 0, w: 1}
  m_LocalPosition: {x: 0, y: 6.42, z: 0}
  m_LocalScale: {x: 1, y: 1, z: 1}
  m_Children:
  - {fileID: 231262453}
  - {fileID: 123612228}
  - {fileID: 1079593141}
  - {fileID: 1674282721}
  m_Father: {fileID: 0}
  m_RootOrder: 3
  m_LocalEulerAnglesHint: {x: 0, y: 0, z: 0}
--- !u!114 &1376280234
MonoBehaviour:
  m_ObjectHideFlags: 0
  m_PrefabParentObject: {fileID: 0}
  m_PrefabInternal: {fileID: 0}
  m_GameObject: {fileID: 1376280231}
  m_Enabled: 1
  m_EditorHideFlags: 0
  m_Script: {fileID: 11500000, guid: de661462d5ebb264fb52fc60c717effb, type: 3}
  m_Name: 
  m_EditorClassIdentifier: 
  particles:
  - {fileID: 1309962226}
  - {fileID: 1345636726}
  - {fileID: 438471743}
--- !u!1 &1627299541
GameObject:
  m_ObjectHideFlags: 0
  m_PrefabParentObject: {fileID: 0}
  m_PrefabInternal: {fileID: 0}
  serializedVersion: 5
  m_Component:
  - component: {fileID: 1627299543}
  - component: {fileID: 1627299542}
  m_Layer: 0
  m_Name: Directional Light
  m_TagString: Untagged
  m_Icon: {fileID: 0}
  m_NavMeshLayer: 0
  m_StaticEditorFlags: 0
  m_IsActive: 1
--- !u!108 &1627299542
Light:
  m_ObjectHideFlags: 0
  m_PrefabParentObject: {fileID: 0}
  m_PrefabInternal: {fileID: 0}
  m_GameObject: {fileID: 1627299541}
  m_Enabled: 1
  serializedVersion: 8
  m_Type: 1
  m_Color: {r: 1, g: 0.95686275, b: 0.8392157, a: 1}
  m_Intensity: 1
  m_Range: 10
  m_SpotAngle: 30
  m_CookieSize: 10
  m_Shadows:
    m_Type: 0
    m_Resolution: -1
    m_CustomResolution: -1
    m_Strength: 1
    m_Bias: 0.05
    m_NormalBias: 0.4
    m_NearPlane: 0.2
  m_Cookie: {fileID: 0}
  m_DrawHalo: 0
  m_Flare: {fileID: 0}
  m_RenderMode: 0
  m_CullingMask:
    serializedVersion: 2
    m_Bits: 4294967295
  m_Lightmapping: 4
  m_AreaSize: {x: 1, y: 1}
  m_BounceIntensity: 1
  m_ColorTemperature: 6570
  m_UseColorTemperature: 0
  m_ShadowRadius: 0
  m_ShadowAngle: 0
--- !u!4 &1627299543
Transform:
  m_ObjectHideFlags: 0
  m_PrefabParentObject: {fileID: 0}
  m_PrefabInternal: {fileID: 0}
  m_GameObject: {fileID: 1627299541}
  m_LocalRotation: {x: 0.40821788, y: -0.23456968, z: 0.10938163, w: 0.8754261}
  m_LocalPosition: {x: 0, y: 3, z: 0}
  m_LocalScale: {x: 1, y: 1, z: 1}
  m_Children: []
  m_Father: {fileID: 0}
  m_RootOrder: 1
  m_LocalEulerAnglesHint: {x: 50, y: -30, z: 0}
--- !u!4 &1674282721 stripped
Transform:
  m_PrefabParentObject: {fileID: 4937205525388858, guid: 07b2ee5acf571d14b9f8bc738b777fbc,
    type: 2}
  m_PrefabInternal: {fileID: 574783636}
--- !u!1 &1682248427
GameObject:
  m_ObjectHideFlags: 0
  m_PrefabParentObject: {fileID: 0}
  m_PrefabInternal: {fileID: 0}
  serializedVersion: 5
  m_Component:
  - component: {fileID: 1682248431}
  - component: {fileID: 1682248430}
  - component: {fileID: 1682248429}
  - component: {fileID: 1682248428}
  m_Layer: 0
  m_Name: Main Camera
  m_TagString: MainCamera
  m_Icon: {fileID: 0}
  m_NavMeshLayer: 0
  m_StaticEditorFlags: 0
  m_IsActive: 1
--- !u!81 &1682248428
AudioListener:
  m_ObjectHideFlags: 0
  m_PrefabParentObject: {fileID: 0}
  m_PrefabInternal: {fileID: 0}
  m_GameObject: {fileID: 1682248427}
  m_Enabled: 1
--- !u!124 &1682248429
Behaviour:
  m_ObjectHideFlags: 0
  m_PrefabParentObject: {fileID: 0}
  m_PrefabInternal: {fileID: 0}
  m_GameObject: {fileID: 1682248427}
  m_Enabled: 1
--- !u!20 &1682248430
Camera:
  m_ObjectHideFlags: 0
  m_PrefabParentObject: {fileID: 0}
  m_PrefabInternal: {fileID: 0}
  m_GameObject: {fileID: 1682248427}
  m_Enabled: 1
  serializedVersion: 2
  m_ClearFlags: 1
  m_BackGroundColor: {r: 0.19215687, g: 0.3019608, b: 0.4745098, a: 0}
  m_NormalizedViewPortRect:
    serializedVersion: 2
    x: 0
    y: 0
    width: 1
    height: 1
  near clip plane: 0.3
  far clip plane: 1000
  field of view: 60
  orthographic: 0
  orthographic size: 5
  m_Depth: -1
  m_CullingMask:
    serializedVersion: 2
    m_Bits: 4294967295
  m_RenderingPath: -1
  m_TargetTexture: {fileID: 0}
  m_TargetDisplay: 0
  m_TargetEye: 3
  m_HDR: 1
  m_AllowMSAA: 1
  m_ForceIntoRT: 0
  m_OcclusionCulling: 1
  m_StereoConvergence: 10
  m_StereoSeparation: 0.022
--- !u!4 &1682248431
Transform:
  m_ObjectHideFlags: 0
  m_PrefabParentObject: {fileID: 0}
  m_PrefabInternal: {fileID: 0}
  m_GameObject: {fileID: 1682248427}
  m_LocalRotation: {x: 0, y: 0, z: 0, w: 1}
  m_LocalPosition: {x: 0, y: 1, z: -10}
  m_LocalScale: {x: 1, y: 1, z: 1}
  m_Children: []
  m_Father: {fileID: 0}
  m_RootOrder: 0
  m_LocalEulerAnglesHint: {x: 0, y: 0, z: 0}
--- !u!1 &1901534283
GameObject:
  m_ObjectHideFlags: 0
  m_PrefabParentObject: {fileID: 100002, guid: d90351d6396eaf84d8dc3ea05ebe205a, type: 3}
  m_PrefabInternal: {fileID: 0}
  serializedVersion: 5
  m_Component:
  - component: {fileID: 1901534284}
  - component: {fileID: 1901534286}
  - component: {fileID: 1901534285}
  m_Layer: 0
  m_Name: AIRCRAFT.001
  m_TagString: Untagged
  m_Icon: {fileID: 0}
  m_NavMeshLayer: 0
  m_StaticEditorFlags: 0
  m_IsActive: 1
--- !u!4 &1901534284
Transform:
  m_ObjectHideFlags: 0
  m_PrefabParentObject: {fileID: 400002, guid: d90351d6396eaf84d8dc3ea05ebe205a, type: 3}
  m_PrefabInternal: {fileID: 0}
  m_GameObject: {fileID: 1901534283}
  m_LocalRotation: {x: -0.2068133, y: -0, z: -0, w: 0.97838044}
  m_LocalPosition: {x: -0.07, y: 0.14650273, z: 0.007340491}
  m_LocalScale: {x: 1, y: 1, z: 1}
  m_Children:
  - {fileID: 1309962224}
  m_Father: {fileID: 123612228}
  m_RootOrder: 0
  m_LocalEulerAnglesHint: {x: 0, y: 0, z: 0}
--- !u!23 &1901534285
MeshRenderer:
  m_ObjectHideFlags: 0
  m_PrefabParentObject: {fileID: 2300002, guid: d90351d6396eaf84d8dc3ea05ebe205a,
    type: 3}
  m_PrefabInternal: {fileID: 0}
  m_GameObject: {fileID: 1901534283}
  m_Enabled: 1
  m_CastShadows: 1
  m_ReceiveShadows: 1
  m_DynamicOccludee: 1
  m_MotionVectors: 1
  m_LightProbeUsage: 1
  m_ReflectionProbeUsage: 1
  m_Materials:
  - {fileID: 2100000, guid: 6942a70f3d56923428d4e329a4f529a0, type: 2}
  m_StaticBatchInfo:
    firstSubMesh: 0
    subMeshCount: 0
  m_StaticBatchRoot: {fileID: 0}
  m_ProbeAnchor: {fileID: 0}
  m_LightProbeVolumeOverride: {fileID: 0}
  m_ScaleInLightmap: 1
  m_PreserveUVs: 0
  m_IgnoreNormalsForChartDetection: 0
  m_ImportantGI: 0
  m_StitchLightmapSeams: 0
  m_SelectedEditorRenderState: 3
  m_MinimumChartSize: 4
  m_AutoUVMaxDistance: 0.5
  m_AutoUVMaxAngle: 89
  m_LightmapParameters: {fileID: 0}
  m_SortingLayerID: 0
  m_SortingLayer: 0
  m_SortingOrder: 0
--- !u!33 &1901534286
MeshFilter:
  m_ObjectHideFlags: 0
  m_PrefabParentObject: {fileID: 3300002, guid: d90351d6396eaf84d8dc3ea05ebe205a,
    type: 3}
  m_PrefabInternal: {fileID: 0}
  m_GameObject: {fileID: 1901534283}
  m_Mesh: {fileID: 4300000, guid: d90351d6396eaf84d8dc3ea05ebe205a, type: 3}
